
    <zs:record>
      <zs:recordSchema/>
      <zs:recordPacking>xml</zs:recordPacking>
      <zs:recordData>
        <record xmlns="http://www.loc.gov/MARC21/slim">
          <leader>01085cam a22002771  4500</leader>
          <controlfield tag="001">8768727</controlfield>
          <controlfield tag="005">20040203144144.0</controlfield>
          <controlfield tag="008">780815s1936    enk           000 0 eng  </controlfield>
          <datafield tag="035" ind1=" " ind2=" ">
            <subfield code="9">(DLC)   36015176</subfield>
          </datafield>
          <datafield tag="906" ind1=" " ind2=" ">
            <subfield code="a">7</subfield>
            <subfield code="b">cbc</subfield>
            <subfield code="c">oclcrpl</subfield>
            <subfield code="d">u</subfield>
            <subfield code="e">ncip</subfield>
            <subfield code="f">19</subfield>
            <subfield code="g">y-gencatlg</subfield>
          </datafield>
          <datafield tag="010" ind1=" " ind2=" ">
            <subfield code="a">   36015176 </subfield>
          </datafield>
          <datafield tag="035" ind1=" " ind2=" ">
            <subfield code="a">(OCoLC)4141851</subfield>
          </datafield>
          <datafield tag="040" ind1=" " ind2=" ">
            <subfield code="a">DLC</subfield>
            <subfield code="c">CCC</subfield>
            <subfield code="d">DLC</subfield>
          </datafield>
          <datafield tag="050" ind1="0" ind2="0">
            <subfield code="a">JN515</subfield>
            <subfield code="b">.D45</subfield>
          </datafield>
          <datafield tag="082" ind1=" " ind2=" ">
            <subfield code="a">328.4209</subfield>
          </datafield>
          <datafield tag="100" ind1="1" ind2=" ">
            <subfield code="a">Clarke, Maude Violet,</subfield>
            <subfield code="d">1892-1935.</subfield>
          </datafield>
          <datafield tag="245" ind1="1" ind2="0">
            <subfield code="a">Medieval representation and consent;</subfield>
            <subfield code="b">a study of early parliaments in England and Ireland, with special reference to the Modus tenendi parliamentum,</subfield>
            <subfield code="c">by M. V. Clarke.</subfield>
          </datafield>
          <datafield tag="260" ind1=" " ind2=" ">
            <subfield code="a">London,</subfield>
            <subfield code="a">New York [etc.]</subfield>
            <subfield code="b">Longmans, Green and Co.</subfield>
            <subfield code="c">[1936]</subfield>
          </datafield>
          <datafield tag="300" ind1=" " ind2=" ">
            <subfield code="a">vii, 408 p.</subfield>
            <subfield code="c">23 cm.</subfield>
          </datafield>
          <datafield tag="500" ind1=" " ind2=" ">
            <subfield code="a">"The manuscripts of the Modus": p. 348-369.</subfield>
          </datafield>
          <datafield tag="610" ind1="1" ind2="0">
            <subfield code="a">Great Britain.</subfield>
            <subfield code="b">Parliament</subfield>
            <subfield code="x">History</subfield>
            <subfield code="y">To 1500.</subfield>
          </datafield>
          <datafield tag="610" ind1="1" ind2="0">
            <subfield code="a">Great Britain.</subfield>
            <subfield code="b">Parliament</subfield>
            <subfield code="x">Rules and practice.</subfield>
          </datafield>
          <datafield tag="630" ind1="0" ind2="0">
            <subfield code="a">Modus tenendi parliamentum.</subfield>
          </datafield>
          <datafield tag="650" ind1=" " ind2="0">
            <subfield code="a">Representative government and representation.</subfield>
          </datafield>
          <datafield tag="985" ind1=" " ind2=" ">
            <subfield code="e">OCLC REPLACEMENT</subfield>
          </datafield>
          <datafield tag="991" ind1=" " ind2=" ">
            <subfield code="b">c-GenColl</subfield>
            <subfield code="h">JN515</subfield>
            <subfield code="i">.D45</subfield>
            <subfield code="t">Copy 1</subfield>
            <subfield code="w">OCLCREP</subfield>
          </datafield>
        </record>
      </zs:recordData>
      <zs:recordPosition>6</zs:recordPosition>
    </zs:record>